@article{Jann2007,
author = {Ben Jann},
title ={Making Regression Tables Simplified},
journal = {The Stata Journal},
volume = {7},
number = {2},
pages = {227-244},
year = {2007},
doi = {https://doi.org/10.1177/1536867X0700700207}
}

@article{Jann2005,
author = {Jann, Ben},
title = {{Making regression tables from stored estimates}},
journal = {The Stata Journal},
volume = {5},
number = {3},
pages = {288--308(21)},
publisher = {Stata Press},
year = {2005},
doi = {https://doi.org/10.1177/1536867X0500500302},
}

@misc{Weber2012,
author = {Weber, J{\"{o}}rg},
title = {{Automated Table generation in Stata and integration into LaTeX}},
year = {2012},
note = {available at: https://www.jwe.cc/2012/03/stata-latex-tables-estout/},
}

@article{Dell2010,
author = {Dell, Melissa},
issn = {0012-9682},
journal = {Econometrica},
number = {6},
pages = {1863--1903},
title = {{The Persistent Effects of Peru's Mining Mita}},
doi = {http://doi.wiley.com/10.3982/ECTA8121},
volume = {78},
year = {2010}
}