@article{Bongaarts1978,
    title = {{A Framework for Analyzing the Proximate Determinants of Fertility}},
    year = {1978},
    journal = {Population and Development Review},
    author = {Bongaarts, John},
    number = {1},
    pages = {105},
    volume = {4},
    publisher = {[Population Council, Wiley]},
    url = {www.jstor.org/stable/1972149},
    doi = {10.2307/1972149},
    issn = {00987921}
}

@misc{Sloggett2015,
    title = {{Births, deaths and migration}},
    year = {2015},
    booktitle = {Population Analysis for Policy and Programmes},
    author = {Sloggett, Andy},
    number = {23 September},
    volume = {2020},
    publisher = {International Union for the Scientific Study of Population},
    url = {http://papp.iussp.org/sessions/papp101_s01/PAPP101_s01_040_010.html},
    address = {Paris}
}

@article{Babalola2019,
    title = {{Changes in demand for children between 2003 and 2013 in Nigeria: Evidence from survey data}},
    year = {2019},
    journal = {Population Horizons},
    author = {Babalola, Stella and Akinyemi, Joshua O and Odimegwu, Clifford O},
    number = {1},
    pages = {16--29},
    volume = {15},
    doi = {10.2478/pophzn-2018-0006},
    issn = {1746-1081}
}

@book{Johnson2011,
    title = {{Changes in the direct and indirect determinants of fertility in sub-Saharan Africa}},
    year = {2011},
    author = {Johnson, Kiersten and Abderrahim, Noureddine and Rutstein, Shea Oscar},
    number = {23},
    publisher = {ICF Macro}
}

@misc{Wusu2019,
    title = {{Consistency of the effects of female education on fertility across the north–south demographic divide in nigeria, 2003–2013}},
    year = {2019},
    booktitle = {Journal of Biosocial Science},
    author = {Wusu, Onipede and Isiugo-Abanihe, Uche C},
    number = {1},
    pages = {138--153},
    volume = {51},
    doi = {10.1017/S0021932018000111},
    issn = {14697599},
    pmid = {29633675}
}

@article{Awoyemi2014,
    title = {{Demand for abortion and post abortion care in Ibadan, Nigeria}},
    year = {2014},
    journal = {Health Economics Review},
    author = {Awoyemi, Bosede O and Novignon, Jacob},
    number = {1},
    pages = {1--9},
    volume = {4},
    url = {https://healtheconomicsreview.biomedcentral.com/track/pdf/10.1186/s13561-014-0003-9},
    doi = {10.1186/s13561-014-0003-9},
    issn = {21911991},
    keywords = {Abortion, Nigeria, Post abortion care, Probit}
}

@article{Ifelunini2018,
    title = {{Determinants of fertility rate among women in Ghana and Nigeria: Implications for population growth and sustainable development}},
    year = {2018},
    journal = {Etude de la Population Africaine},
    author = {Ifelunini, Innocent A and Ugwu, Samuel C and Ichoku, Hycinth E and Omeje, Ambrose N and Ihim, Emmanuella},
    number = {2S},
    volume = {32},
    issn = {0850-5780}
}

@article{Mekonnen2011,
    title = {{Determinants of low family planning use and high unmet need in Butajira District, South Central Ethiopia}},
    year = {2011},
    journal = {Reproductive health},
    author = {Mekonnen, Wubegzier and Worku, Alemayehu},
    number = {1},
    pages = {1--8},
    volume = {8},
    publisher = {BioMed Central},
    issn = {1742-4755}
}

@article{Adebowale2019,
    title = {{Ethnic disparities in fertility and its determinants in Nigeria}},
    year = {2019},
    journal = {Fertility Research and Practice},
    author = {Adebowale, Ayo Stephen},
    edition = {2019/04/13},
    number = {1},
    pages = {3},
    volume = {5},
    doi = {10.1186/s40738-019-0055-y},
    issn = {2054-7099},
    pmid = {30976453},
    keywords = {Childbearing, Ethnicity, Fertility, Nigeria, Parity},
    language = {eng}
}

@misc{AvenirHealth2017,
    title = {{Family Planning Effort Index (FPE)}},
    year = {2017},
    author = {{Avenir Health}},
    number = {26th January},
    volume = {2020},
    publisher = {Avenir Health},
    url = {http://www.track20.org/pages/data_analysis/policy/FPE.php}
}

@book{WorldHealthOrganization2017,
    title = {{Family Planning: A Global Handbook for Providers (2018 update)}},
    year = {2017},
    author = {{World Health Organization} and {Johns Hopkins CCP}},
    edition = {3},
    publisher = {World Health Organization and Johns Hopkins Bloomberg School of Public Health/Center for Communication Programs},
    address = {Baltimore and Geneva}
}

@article{Adiri2010,
    title = {{Fertility behaviour of men and women in three communities in Kaduna state, Nigeria}},
    year = {2010},
    journal = {African Journal of Reproductive Health},
    author = {Adiri, Farouk and Ibrahim, Habiba Ismail and Ajayi, Victor and Sulayman, Hajaratu Umar and Yafeh, Anita Mfuh and Ejembi, Clara L},
    number = {3},
    pages = {97--105},
    volume = {14},
    issn = {1118-4841}
}

@article{Palamuleni2010,
    title = {{Fertility decline in Malawi: An analysis of the proximate determinants}},
    year = {2010},
    journal = {Journal of Social Development in Africa},
    author = {Palamuleni, Martin},
    number = {1},
    pages = {9--38},
    volume = {25},
    doi = {10.4314/jsda.v25i1.54277},
    issn = {10121080},
    keywords = {Contraception, Fertility decline, Malawi, Nuptiality, Post-partum infecundability, Proximate determinants}
}

@techreport{Division2002,
    title = {{Fertility Levels and Trends in Countries With Intermediate Levels of Fertility *}},
    year = {2002},
    booktitle = {America},
    author = {Division, Population},
    number = {March},
    pages = {11--14},
    publisher = {Department of Economic and Social Affairs, Population Division, United {\ldots}}
}

@article{Dzekedzeke1994,
    title = {{Fertility patterns and their determinants in Zambia: Findings from the Zambia Demographic and Health Survey}},
    year = {1994},
    author = {Dzekedzeke, Kumbutso and Nyangu, Nelson}
}

@article{Islam2004,
    title = {{Fertility transition in Bangladesh: Understanding the role of the proximate determinants}},
    year = {2004},
    journal = {Journal of biosocial science},
    author = {Islam, M and Islam, M and Chakroborty, Nitai},
    month = {6},
    pages = {351--369},
    volume = {36},
    doi = {10.1017/S0021932003006333}
}

@article{Feyisetan2009,
    title = {{Fertility transition in Nigeria: trends and prospect}},
    year = {2009},
    journal = {United Nations Population Division, Completing the Fertility Transition, New York: United Nations},
    author = {Feyisetan, Bamikale J and Bankole, Akinrinola},
    pages = {461--478}
}

@article{Bongaarts1983,
    title = {{Fertility, Biology, and Behavior: An Analysis of the Proximate Determinants.}},
    year = {1983},
    journal = {Population and Development Review},
    author = {Bongaarts, John and Potter, Robert G.},
    number = {3},
    volume = {9},
    doi = {10.2307/1973328},
    issn = {00987921}
}

@article{Vollset2020,
    title = {{Fertility, mortality, migration, and population scenarios for 195 countries and territories from 2017 to 2100: a forecasting analysis for the Global Burden of Disease Study}},
    year = {2020},
    journal = {The Lancet},
    author = {Vollset, Stein Emil and Goren, Emily and Yuan, Chun Wei and Cao, Jackie and Smith, Amanda E and Hsiao, Thomas and Bisignano, Catherine and Azhar, Gulrez S and Castro, Emma and Chalek, Julian and Dolgert, Andrew J and Frank, Tahvi and Fukutaki, Kai and Hay, Simon I and Lozano, Rafael and Mokdad, Ali H and Nandakumar, Vishnu and Pierce, Maxwell and Pletcher, Martin and Robalik, Toshana and Steuben, Krista M and Wunrow, Han Yong and Zlavog, Bianca S and Murray, Christopher J.L.},
    number = {10258},
    pages = {1285--1306},
    volume = {396},
    publisher = {Elsevier},
    url = {https://doi.org/10.1016/S0140-6736(20)30677-2},
    doi = {10.1016/S0140-6736(20)30677-2},
    issn = {1474547X},
    pmid = {32679112}
}

@article{Johnston1996,
    title = {{Induced abortion in the developing world: indirect estimates}},
    year = {1996},
    journal = {International Family Planning Perspectives},
    author = {Johnston, Heidi Bart and Hill, Kenneth H},
    pages = {108--137},
    publisher = {JSTOR},
    issn = {0190-3187}
}

@article{Solanke2015,
    title = {{Marriage age, fertility behavior, and women’s empowerment in Nigeria}},
    year = {2015},
    journal = {SAGE Open},
    author = {Solanke, Bola Lukman},
    number = {4},
    pages = {2158244015617989},
    volume = {5},
    issn = {2158-2440}
}

@article{Opaneye1990,
    title = {{Maternal formal education and the four-child policy in Nigeria}},
    year = {1990},
    journal = {Journal of the Royal Society of Health},
    author = {Opaneye, A A},
    edition = {1990/12/01},
    number = {6},
    pages = {220--221},
    volume = {110},
    doi = {10.1177/146642409011000609},
    issn = {02640325},
    pmid = {2126292},
    keywords = {*Cross Sectional Analysis, *Educational Status, *Educational Status--women, *Family Planning Services, *Fertility Determinants, *Health Policy, *Infant Mortality, *Low Birth Weight, *Mothers, *Multiparity, *Population Policy, *Pregnancy Outcome, *Summary Report, Africa, Africa South Of The Sahara, Biology, Birth Weight, Body Weight, Cross-Sectional Studies, Demographic Factors, Developing Countries, Economic Factors, English Speaking Africa, Family And Household, Family Characteristics, Family Relationships, Female, Fertility, Fertility Measurements, Hospitals, Humans, Mortality, Mothers/*education, Nigeria, Parents, Parity, Physiology, Policy, Population, Population Dynamics, Pregnancy, Research Methodology, Social Policy, Socioeconomic Factors, Socioeconomic Status, Teaching, Western Africa},
    language = {eng}
}

@article{AkpaOnojaMatthewIkpotokin2012,
    title = {{Modeling the Determinants of Fertility among Women of Childbearing Age in Nigeria : Analysis Using Generalized Linear Modeling Approach}},
    year = {2012},
    journal = {International Journal of Humanities and Social Science},
    author = {Akpa, Onoja Matthew, {\&} Ikpotokin, O},
    number = {18},
    volume = {2}
}

@article{Bongaarts2015,
    title = {{Modeling the fertility impact of the proximate determinants: Time for a tune-up}},
    year = {2015},
    journal = {Demographic Research},
    author = {Bongaarts, John},
    number = {19},
    pages = {535--560},
    volume = {33},
    url = {https://www.demographic-research.org/volumes/vol33/19/ https://www.demographic-research.org/volumes/vol33/19/33-19.pdf},
    issn = {1435-9871}
}

@misc{AvenirHealth2017a,
    title = {{National Composite Index on Family Planning (NCIFP)}},
    year = {2017},
    author = {{Avenir Health}},
    number = {26th January},
    volume = {2020},
    publisher = {Avenir Health},
    url = {http://www.track20.org/pages/data_analysis/policy/FPE.php}
}

@techreport{FederalRepublicofNigeria1988,
    title = {{National policy on population for development, unity, progress and self-reliance. TT -}},
    year = {1988},
    author = {{Federal Republic of Nigeria}},
    editor = {Activities, Department of Population},
    publisher = {Federal Ministry of Health},
    address = {Lagos},
    keywords = {Develop, Government Publication, Population Policy}
}

@misc{FederalRepublicofNigeria2005,
    title = {{National Policy on Population for Sustainable Development 2004}},
    year = {2005},
    author = {{Federal Republic of Nigeria}},
    editor = {Commission, National Population},
    publisher = {National Population Commission},
    address = {Abuja, Nigeria}
}

@techreport{FederalOfficeofStatistics1992,
    title = {{Nigeria Demographic and Health Survey 1990}},
    year = {1992},
    author = {{Federal Office of Statistics} and {IRD/Macro International}},
    url = {https://dhsprogram.com/pubs/pdf/FR27/FR27.pdf}
}

@techreport{NationalPopulationCommission2000,
    title = {{Nigeria Demographic and Health Survey 1999}},
    year = {2000},
    author = {{National Population Commission} and {ORC/Macro}},
    address = {Abuja, Nigeria and Rockville, Maryland}
}

@techreport{NationalPopulationCommission2004,
    title = {{Nigeria Demographic and Health Survey 2003}},
    year = {2004},
    author = {{National Population Commission} and {ORC Macro}},
    address = {Abuja, Nigeria and Rockville, Maryland}
}

@techreport{NationalPopulationCommission2009,
    title = {{Nigeria Demographic and Health Survey 2008}},
    year = {2009},
    author = {{National Population Commission} and {ICF Macro}},
    address = {Abuja, Nigeria and Rockville, Maryland}
}

@techreport{NationalPopulationCommission2014,
    title = {{Nigeria Demographic and Health Survey 2013}},
    year = {2014},
    author = {{National Population Commission} and {ICF International}},
    address = {Abuja, Nigeria and Rockville, Maryland}
}

@techreport{NationalPopulationCommission2019,
    title = {{Nigeria Demographic and Health Survey 2018}},
    year = {2019},
    author = {{National Population Commission} and {ICF International}},
    address = {Abuja, Nigeria and Rockville, Maryland}
}

@article{NPCandICFInternational2014,
    title = {{Nigeria] and ICF International (2014) Nigeria Demographic and Health Survey 2013}},
    year = {2014},
    journal = {NPC and ICF International, Abuja, Nigeria, and Rockville, Maryland, USA},
    author = {{NPC and ICF International}}
}

@misc{NationalPopulationCommission2015,
    title = {{Nigeria’s 2004 National Policy on Population for Sustainable Development: Implementation Assessment Report}},
    year = {2015},
    author = {{National Population Commission} and {Health Policy Project}},
    publisher = {Futures Group, Health Policy Project},
    address = {Washington, DC}
}

@article{Sinding2009,
    title = {{Population, poverty and economic development}},
    year = {2009},
    journal = {Philosophical Transactions of the Royal Society B: Biological Sciences},
    author = {Sinding, Steven W},
    number = {1532},
    pages = {3023--3030},
    volume = {364},
    issn = {0962-8436}
}

@article{Rutaremwa2015,
    title = {{Predictors of modern contraceptive use during the postpartum period among women in Uganda: a population-based cross sectional study}},
    year = {2015},
    journal = {BMC public health},
    author = {Rutaremwa, Gideon and Kabagenyi, Allen and Wandera, Stephen Ojiambo and Jhamba, Tapiwa and Akiror, Edith and Nviiri, Hellen Laetitia},
    number = {1},
    pages = {262},
    volume = {15},
    issn = {1471-2458}
}

@article{Lamina2015,
    title = {{Prevalence of abortion and contraceptive practice among women seeking repeat induced abortion in Western Nigeria}},
    year = {2015},
    journal = {Journal of pregnancy},
    author = {Lamina, Mustafa Adelaja},
    volume = {2015},
    url = {http://downloads.hindawi.com/journals/jp/2015/486203.pdf},
    issn = {2090-2727}
}

@article{A2008,
    title = {{Proximate determinants of birth interval length in Amhara region: the Case of Fagita Lekoma woreda, Awi-zone,(unpublished).}},
    year = {2008},
    journal = {Ethiopia Jun: M. Sc thesis},
    author = {Assaye, Ayanaw}
}

@article{Laelago2019,
    title = {{Proximate determinants of fertility in Ethiopia; an application of revised Bongaarts model}},
    year = {2019},
    journal = {Reproductive health},
    author = {Laelago, Tariku and Habtu, Yitagesu and Yohannes, Samuel},
    number = {1},
    pages = {13},
    volume = {16},
    issn = {1742-4755}
}

@article{ChimereDan1990,
    title = {{Proximate determinants of fertility in Nigeria}},
    year = {1990},
    journal = {Social biology},
    author = {Chimere‐Dan, Orieji},
    number = {3-4},
    pages = {162--171},
    volume = {37},
    issn = {0037-766X}
}

@article{Chola2016,
    title = {{Proximate determinants of fertility in Zambia: Analysis of the 2007 Zambia Demographic and Health Survey}},
    year = {2016},
    journal = {International Journal of Population Research},
    author = {Chola, Mumbi and Michelo, Charles},
    volume = {2016},
    issn = {2090-4029}
}

@article{Stover1998,
    title = {{Revising the Proximate Determinants of Fertility Framework: What Have We Learned in the past 20 Years?}},
    year = {1998},
    journal = {Studies in Family Planning},
    author = {Stover, John},
    number = {3},
    pages = {255},
    volume = {29},
    publisher = {[Population Council, Wiley]},
    url = {www.jstor.org/stable/172272},
    doi = {10.2307/172272},
    issn = {00393665},
    pmid = {9789319}
}

@article{Lai2014,
    title = {{Socio-economic and proximate determinants of fertility in the Philippines}},
    year = {2014},
    journal = {World Appl Sci J},
    author = {Lai, Siow-Li and Tey, Nai-Peng},
    number = {10},
    pages = {1828--1836},
    volume = {31}
}

@article{Ibrahim2012,
    title = {{Sociodemographic determinants of complicated unsafe abortions in a semi-urban Nigerian town: a four-year review}},
    year = {2012},
    journal = {West Indian Medical Journal},
    author = {Ibrahim, I A and Onwudiegwu, U},
    number = {2},
    pages = {163--167},
    volume = {61},
    issn = {0043-3144}
}

@article{Alaba2017,
    title = {{Spatial patterns and determinants of fertility levels among women of childbearing age in Nigeria}},
    year = {2017},
    journal = {South African Family Practice},
    author = {Alaba, Oluwayemisi O and Olubusoye, Olusanya E and Olaomi, J O},
    number = {4},
    pages = {143--147},
    volume = {59},
    issn = {2078-6204}
}

@techreport{UNDESAPopulationDivision2014,
    title = {{The correspondence between projected total fertility and contraceptive prevalence using the proximate determinants framework}},
    year = {2014},
    author = {{UN DESA Population Division}},
    publisher = {United Nations},
    address = {New York},
    isbn = {2014/1}
}

@article{Lee2003,
    title = {{The demographic transition: three centuries of fundamental change}},
    year = {2003},
    journal = {Journal of economic perspectives},
    author = {Lee, Ronald},
    number = {4},
    pages = {167--190},
    volume = {17},
    issn = {0895-3309}
}

@article{Bankole2015,
    title = {{The incidence of abortion in Nigeria}},
    year = {2015},
    journal = {International Perspectives on Sexual and Reproductive Health},
    author = {Bankole, Akinrinola and Adewole, Isaac F and Hussain, Rubina and Awolude, Olutosin and Singh, Susheela and Akinyemi, Joshua O},
    number = {4},
    pages = {170--181},
    volume = {41},
    url = {https://www.ncbi.nlm.nih.gov/pmc/articles/PMC4970740/pdf/nihms797096.pdf},
    doi = {10.1363/4117015},
    issn = {19440391},
    pmid = {26871725}
}

@article{T.M.M.Farley1988,
    title = {{The prevalence and aetiology of Infertility}},
    year = {1988},
    journal = {African Population Studies},
    author = {T.M.M. Farley, E.M. Besley},
    pages = {15--30},
    volume = {1}
}

@incollection{Bongaarts1993,
    title = {{The relative contributions of biological and behavioural factors in determining natural fertility: a demographer's perspective}},
    year = {1993},
    booktitle = {Biomedical and demographic determinants of reproduction},
    author = {Bongaarts, John},
    pages = {9--18}
}

@article{Lesthaeghe2010,
    title = {{The unfolding story of the second demographic transition}},
    year = {2010},
    journal = {Population and development review},
    author = {Lesthaeghe, Ron},
    number = {2},
    pages = {211--251},
    volume = {36},
    issn = {0098-7921}
}

@article{Mberu2014,
    title = {{Understanding Subgroup Fertility Differentials in Nigeria.}},
    year = {2014},
    journal = {Population review},
    author = {Mberu, Blessing U and Reed, Holly E},
    edition = {2015/02/17},
    number = {2},
    pages = {23--46},
    volume = {53},
    doi = {10.1353/prv.2014.0006},
    issn = {0032-471X},
    pmid = {25684828},
    keywords = {birth rate, developing country, economic growth, economics, family planning, fertility, population growth, population momentum, sub replacement fertility, total fertility rate},
    language = {eng}
}

@article{Odimegwu1996,
    title = {{Understanding the proximate determinants of fertility of a Nigerian ethnic group.}},
    year = {1996},
    journal = {Genus},
    author = {Odimegwu, Clifford Obby and Zerai, Assata},
    number = {3-4},
    pages = {67--87},
    volume = {52},
    issn = {00166987},
    pmid = {12320821}
}

@inproceedings{Moses2007,
    title = {{Using the Bongaarts model in explaining fertility decline in Urban areas of Uganda}},
    year = {2007},
    booktitle = {Fifth African Population Conference; Arusha},
    author = {Moses, Lubaale Yovani Adulamu and Kayizzi, Joseph Barnes}
}

@article{Goldstone2018,
    title = {{Why Does High African Fertility Persist?}},
    year = {2018},
    journal = {Center for the Study of Social Change, Institutions, and Policy, Working paper},
    author = {Goldstone, Jack A and Korotaev, Andrey and Shulgin, Sergey and Zinkina, Yulia},
    number = {2-2018}
}

@misc{DepartmentofEconomicandSocialAffairs2019,
    title = {{World population prospects. Highlights}},
    year = {2019},
    booktitle = {Futuribles (Paris, France : 1981)},
    author = {Department of Economic and Social Affairs, Population Division United Nations},
    number = {141},
    pages = {49--78},
    publisher = {New York: United Nations. https://population. un. org/wpp/Publications/Files {\ldots}},
    url = {http://www.ncbi.nlm.nih.gov/pubmed/12283219},
    isbn = {9789211483161},
    issn = {0337-307X},
    pmid = {12283219}
}

@misc{Dev2019ACountries,
    title = {{A systematic review and meta-analysis of postpartum contraceptive use among women in low- And middle-income countries}},
    year = {2019},
    booktitle = {Reproductive Health},
    author = {Dev, Rubee and Kohler, Pamela and Feder, Molly and Unger, Jennifer A. and Woods, Nancy F. and Drake, Alison L.},
    number = {1},
    volume = {16},
    doi = {10.1186/s12978-019-0824-4},
    issn = {17424755}
}

@inproceedings{Mahjabeen2011AnalyzingBangladesh,
    title = {{Analyzing Bongaarts model and its applications in the context of Bangladesh}},
    year = {2011},
    booktitle = {MODSIM 2011 - 19th International Congress on Modelling and Simulation - Sustaining Our Future: Understanding and Living with Uncertainty},
    author = {Mahjabeen, Tanha and Khan, Imran Amit},
    doi = {10.36334/modsim.2011.h2.mahjabeen}
}

@incollection{Jolly1993DemographicAfrica,
    title = {{Demographic Change in Sub-Saharan Africa}},
    year = {1993},
    booktitle = {Demographic Change in Sub-Saharan Africa},
    author = {Jolly, Carole and Gribble, James},
    editor = {{Karen A. Foote} and {Kenneth H. Hill} and {Linda G. Martin}},
    doi = {10.17226/2207}
}

@article{Yohannes2011DurationEthiopia,
    title = {{Duration and determinants of birth interval among women of child bearing age in Southern Ethiopia}},
    year = {2011},
    journal = {BMC Pregnancy and Childbirth},
    author = {Yohannes, Samuel and Wondafrash, Mekitie and Abera, Mulumebet and Girma, Eshetu},
    number = {1},
    month = {12},
    volume = {11},
    doi = {10.1186/1471-2393-11-38},
    issn = {14712393},
    pmid = {21599927}
}

@article{Dev2016EthnicNigeria,
    title = {{Ethnic inequality: Theory and evidence from formal education in Nigeria}},
    year = {2016},
    journal = {Economic Development and Cultural Change},
    author = {Dev, Pritha and Mberu, Blessing U. and Pongou, Roland},
    number = {4},
    volume = {64},
    doi = {10.1086/686739},
    issn = {00130079}
}

@article{Alene2009ExaminingEthiopia,
    title = {{Examining perceptions of rapid population growth in north and south gondar zones, northwest ethiopia}},
    year = {2009},
    journal = {Journal of Health, Population and Nutrition},
    author = {Alene, Getu Degu and Worku, Alemayehu},
    number = {6},
    volume = {27},
    doi = {10.3329/jhpn.v27i6.4330},
    issn = {16060997}
}

@article{Ross2007FamilyEnvironment,
    title = {{Family planning programs in 2004: New assessments in a changing environment}},
    year = {2007},
    journal = {International Family Planning Perspectives},
    author = {Ross, John and Stover, John and Adelaja, Demi},
    number = {1},
    volume = {33},
    doi = {10.1363/3302207},
    issn = {01903187}
}

@article{SAvidime2010FertilityNigeria,
    title = {{Fertility Intentions, Contraceptive Awareness and Contraceptive Use among Women in Three Communities in Northern Nigeria}},
    year = {2010},
    journal = {African Journal of Reproductive Health},
    author = {{S Avidime} and {L Aku-Akai} and {AZ Mohammed} and {S Adaji} and {O Shittu} and {C Ejembi}},
    number = {Special issue 3},
    volume = {14},
    issn = {1118-4841}
}

@techreport{UNPopulationDivision2002Fertility,
    title = {{Fertility Levels and Trends in Countries With Intermediate Levels of Fertility *}},
    year = {2002},
    booktitle = {America},
    author = {{UN Population Division}},
    number = {March}
}

@article{Titilayo2018GeneticRAPD,
    title = {{Genetic variations among three major ethnic groups in Nigeria using RAPD}},
    year = {2018},
    journal = {Molecular Biology Research Communications},
    author = {Titilayo, Olukanni A. and Samuel, Amoo O. and David, Olukanni O. and Adewunmi, Taiwo I.},
    number = {2},
    volume = {7},
    doi = {10.22099/mbrc.2018.26098.1280},
    issn = {23452005}
}

@misc{StataPress2019Stata16,
    title = {{Stata Statistical Software: Release 16}},
    year = {2019},
    booktitle = {StataCorp LLC},
    author = {{Stata Press}}
}

@article{Chimbwete2005TheMalawi,
    title = {{The evolution of population policies in Kenya and Malawi}},
    year = {2005},
    journal = {Population Research and Policy Review},
    author = {Chimbwete, Chiweni and Watkins, Susan Cotts and Zulu, Eliya Msiyaphazi},
    number = {1},
    volume = {24},
    doi = {10.1007/s11113-005-0328-5},
    issn = {01675923}
}

@article{Ross2011Trends2009,
    title = {{Trends in national family planning programs, 1999, 2004 and 2009}},
    year = {2011},
    journal = {International Perspectives on Sexual and Reproductive Health},
    author = {Ross, John and Smith, Ellen},
    number = {3},
    volume = {37},
    doi = {10.1363/3712511},
    issn = {19440391}
}

@article{Odimegwu1996UnderstandingGroup.,
    title = {{Understanding the proximate determinants of fertility of a Nigerian ethnic group.}},
    year = {1996},
    journal = {Genus},
    author = {Odimegwu, C. O. and Zerai, A.},
    number = {3-4},
    volume = {52},
    issn = {00166987}
}