
@article{peasgood_randomised_2023,
	title = {Randomised comparison of online interviews versus face-to-face interviews to value health states},
	volume = {323},
	doi = {10.1016/j.socscimed.2023.115818},
	pages = {115818},
	journaltitle = {Social Science \& Medicine},
	shortjournal = {Social Science \& Medicine},
	author = {Peasgood, Tessa and Bourke, Mackenzie and Devlin, Nancy and Rowen, Donna and Yang, Yaling and Dalziel, Kim},
	urldate = {2024-03-23},
	date = {2023-04},
	langid = {english},
}

@article{akpan_cost-effectiveness_2022,
	title = {Cost-effectiveness of universal iron supplementation and iron-containing micronutrient powders for anemia among young children in rural Bangladesh: analysis of a randomized, placebo-controlled trial},
	volume = {116},
	doi = {10.1093/ajcn/nqac225},
	shorttitle = {Cost-effectiveness of universal iron supplementation and iron-containing micronutrient powders for anemia among young children in rural Bangladesh},
	pages = {1303--1313},
	number = {5},
	journaltitle = {The American Journal of Clinical Nutrition},
	shortjournal = {The American Journal of Clinical Nutrition},
	author = {Akpan, Edifofon and Hossain, Sheikh J and Devine, Angela and Braat, Sabine and Hasan, Mohammed I and Tipu, S M Mulk Uddin and Bhuiyan, Mohammad Saiful Alam and Hamadani, Jena D and Biggs, Beverley-Ann and Pasricha, Sant-Rayn and Carvalho, Natalie},
	urldate = {2024-03-23},
	date = {2022-11},
	langid = {english},
}

@article{shih_health_2022,
	title = {Health Economics Research in Cancer Screening: Research Opportunities, Challenges, and Future Directions},
	volume = {2022},
	doi = {10.1093/jncimonographs/lgac008},
	pages = {42--50},
	number = {59},
	journaltitle = {{JNCI} Monographs},
	shortjournal = {{JNCI} Monographs},
	author = {Shih, Ya-Chen Tina and Sabik, Lindsay M and Stout, Natasha K and Halpern, Michael T and Lipscomb, Joseph and Ramsey, Scott and Ritzwoller, Debra P},
	urldate = {2024-03-23},
	date = {2022-07-05},
	langid = {english},
}

@article{peasgood_should_2022,
	title = {Should We Consider Including a Value for “Hope” as an Additional Benefit Within Health Technology Assessment?},
	volume = {25},
	doi = {10.1016/j.jval.2022.03.006},
	pages = {1619--1623},
	number = {9},
	journaltitle = {Value in Health},
	shortjournal = {Value in Health},
	author = {Peasgood, Tessa and Mukuria, Clara and Rowen, Donna and Tsuchiya, Aki and Wailoo, Allan},
	urldate = {2024-03-23},
	date = {2022-09},
	langid = {english},
}

@article{peasgood_developing_2022,
	title = {Developing a New Generic Health and Wellbeing Measure: Psychometric Survey Results for the {EQ}-{HWB}},
	volume = {25},
	doi = {10.1016/j.jval.2021.11.1361},
	pages = {525--533},
	number = {4},
	journaltitle = {Value in Health},
	shortjournal = {Value in Health},
	author = {Peasgood, Tessa and Mukuria, Clara and Brazier, John and Marten, Ole and Kreimeier, Simone and Luo, Nan and Mulhern, Brendan and Greiner, Wolfgang and Pickard, A. Simon and Augustovski, Federico and Engel, Lidia and Gibbons, Luz and Yang, Zhihao and Monteiro, Andrea L. and Kuharic, Maja and Belizan, Maria and Bjørner, Jakob},
	urldate = {2024-03-23},
	date = {2022-04},
	langid = {english},
}

@article{peasgood_systematic_2024,
	title = {Systematic Review of the Relative Social Value of Child and Adult Health},
	volume = {42},
	doi = {10.1007/s40273-023-01327-x},
	pages = {177--198},
	number = {2},
	journaltitle = {{PharmacoEconomics}},
	shortjournal = {{PharmacoEconomics}},
	author = {Peasgood, Tessa and Howell, Martin and Raghunandan, Rakhee and Salisbury, Amber and Sellars, Marcus and Chen, Gang and Coast, Joanna and Craig, Jonathan C. and Devlin, Nancy J. and Howard, Kirsten and Lancsar, Emily and Petrou, Stavros and Ratcliffe, Julie and Viney, Rosalie and Wong, Germaine and Norman, Richard and Donaldson, Cam and {the Quality Of Life in Kids: Key evidence to strengthen decisions in Australia (QUOKKA), Tools for Outcomes Research to measure, value Child Health (TORCH) project teams}},
	urldate = {2024-03-23},
	date = {2024-02},
	langid = {english},
}
