
@article{akpan_cost-effectiveness_2022,
	title = {Cost-effectiveness of universal iron supplementation and iron-containing micronutrient powders for anemia among young children in rural Bangladesh: analysis of a randomized, placebo-controlled trial},
	volume = {116},
	issn = {00029165},
	url = {https://linkinghub.elsevier.com/retrieve/pii/S0002916523036560},
	doi = {10.1093/ajcn/nqac225},
	shorttitle = {Cost-effectiveness of universal iron supplementation and iron-containing micronutrient powders for anemia among young children in rural Bangladesh},
	pages = {1303--1313},
	number = {5},
	journaltitle = {The American Journal of Clinical Nutrition},
	shortjournal = {The American Journal of Clinical Nutrition},
	author = {Akpan, Edifofon and Hossain, Sheikh J and Devine, Angela and Braat, Sabine and Hasan, Mohammed I and Tipu, S M Mulk Uddin and Bhuiyan, Mohammad Saiful Alam and Hamadani, Jena D and Biggs, Beverley-Ann and Pasricha, Sant-Rayn and Carvalho, Natalie},
	urldate = {2024-06-13},
	date = {2022-11},
	langid = {english},
}
